<?xml version="1.0" encoding="UTF-8"?><collection xmlns="http://www.loc.gov/MARC21/slim"><record><leader>00522nam--2200193-i-4500</leader><controlfield tag="001">000044951</controlfield><controlfield tag="002">20161230</controlfield><controlfield tag="005">20170204193639</controlfield><controlfield tag="008">060222s1000------------r-----000-0-rum-d</controlfield><datafield ind1=" " ind2=" " tag="040"><subfield code="a">IFIN-HH</subfield></datafield><datafield ind1=" " ind2=" " tag="041"><subfield code="a">rum</subfield></datafield><datafield ind1=" " ind2=" " tag="080"><subfield code="a">533.9</subfield></datafield><datafield ind1="1" ind2=" " tag="100"><subfield code="a">Popescu, Ioan-Iovit</subfield></datafield><datafield ind1="1" ind2="0" tag="245"><subfield code="a">Cinetica si dinamica plasmei</subfield><subfield code="c">Ioan-Iovit Popescu, Emil I. Toader</subfield></datafield><datafield ind1=" " ind2=" " tag="260"><subfield code="a">Bucuresti</subfield><subfield code="b">Editura Stiintifica Si Enciclopedica</subfield><subfield code="c">1983</subfield></datafield><datafield ind1=" " ind2=" " tag="300"><subfield code="a">459 p</subfield></datafield><datafield ind1="1" ind2=" " tag="700"><subfield code="a">Toader, Emil I</subfield></datafield><datafield ind1=" " ind2=" " tag="852"><subfield code="a">70937</subfield><subfield code="c">533.9</subfield></datafield><datafield ind1=" " ind2=" " tag="CAT"><subfield code="a">SYS</subfield><subfield code="c">20170204</subfield><subfield code="h">193639</subfield></datafield></record></collection>